@online{webdev,
  author       = {Kassandra Ortega},
  url          = {
                  https://worldcampus.saintleo.edu/blog/que-es-el-desarrollo-de-paginas-web-que-hace-un-desarrollador-web},
  date         = {2022-08-09},
  title        = {{¿Qu{\'e} es el desarrollo web?}},
  urldate      = {2024-11-19},
  organization = {Saint Leo University},
  language     = {es}
}

@online{webdev2,
  url          = {https://tripleten.mx/blog/que-es-el-desarrollo-web/},
  date         = {2024-01-10},
  title        = {{¿Qu{\'e} es el Desarrollo Web? | TripleTen M{\'e}xico}},
  urldate      = {2024-11-19},
  organization = {TripleTen},
  language     = {es}
}

@online{html,
  url          = {https://developer.mozilla.org/es/docs/Web/HTML},
  title        = {{HTML: Lenguaje de etiquetas de hipertexto | MDN}},
  urldate      = {2024-11-19},
  organization = {MDN Web Docs},
  language     = {es}
}

@online{php,
  url          = {https://developer.mozilla.org/es/docs/Glossary/PHP},
  date         = {2023-11-13},
  title        = {
                  {PHP - Glosario de MDN Web Docs: Definiciones de t{\'e}rminos relacionados con
                  la Web | MDN}
                  },
  urldate      = {2024-11-19},
  organization = {MDN Web Docs},
  language     = {es}
}

@online{webdev3,
  url      = {https://www.hackio.com/blog/que-es-el-desarrollo-web},
  title    = {{¿Qu{\'e} es el desarrollo web?}},
  urldate  = {2024-11-19},
  language = {es}
}

@online{css,
  url          = {https://developer.mozilla.org/es/docs/Web/CSS},
  title        = {{CSS | MDN}},
  urldate      = {2024-11-19},
  organization = {MDN Web Docs},
  language     = {es}
}

@online{javascript,
  url          = {https://developer.mozilla.org/es/docs/conflicting/Web/JavaScript},
  title        = {{Acerca de JavaScript | MDN}},
  urldate      = {2024-11-19},
  organization = {MDN Web Docs},
  language     = {es}
}

@online{topframeworks,
  url          = {https://coderslink.com/talento/blog/los-top-frameworks-para-front-end/},
  title        = {{Los top frameworks para Front End - CodersLink.}},
  date         = {2023-09-05},
  urldate      = {2024-11-19},
  organization = {CodersLink},
  language     = {es}
}

@online{nextjs,
  url          = {https://kinsta.com/es/base-de-conocimiento/next-js/},
  title        = {{¿Qu{\'e} es Next.js? Un Vistazo al Popular Framework de JavaScripts.}},
  date         = {2023-06-14},
  urldate      = {2024-11-19},
  organization = {Kinsta},
  language     = {es}
}

@online{nextjs2,
  url          = {https://www.aplyca.com/blog/nextjs-el-futuro-web-que-es-nextjs},
  title        = {{NextJS: ¿el futuro de la web?¿por qué y cuándo usarlo? - Aplyca.}},
  date         = {2022-09-14},
  urldate      = {2024-11-19},
  organization = {Aplyca Tecnología SAS},
  language     = {es}
}

@online{nextjs3,
  url          = {https://nextjs.org/docs},
  title        = {{Introduction}},
  date         = {2018-04-28},
  urldate      = {2024-11-19},
  organization = {Next.js},
  language     = {en}
}

@online{react,
  author       = {David Herbert},
  url          = {https://blog.hubspot.com/website/react-js},
  title        = {{What is React.js? Uses, Examples, {\&} More.}},
  date         = {2022-06-14},
  urldate      = {2024-11-19},
  organization = {HubSpot},
  language     = {en}
}

@online{react2,
  url          = {https://es.react.dev/},
  title        = {{React}},
  date         = {2023-04-26},
  urldate      = {2024-11-19},
  organization = {Meta Platforms, Inc.},
  language     = {en}
}